<record><leader>00000cas a2200000 a 4500</leader><controlfield tag="001">28153426</controlfield><controlfield tag="008">930524d19331987iluwr ne      0   a0eng c</controlfield><datafield ind1=" " ind2=" " tag="010"><subfield code="a">sn 93055900 </subfield></datafield><datafield ind1=" " ind2=" " tag="040"><subfield code="a">NVF</subfield><subfield code="b">eng</subfield><subfield code="c">NVF</subfield><subfield code="d">OCLCQ</subfield><subfield code="d">CVF</subfield><subfield code="d">NVF</subfield><subfield code="d">OCLCQ</subfield><subfield code="d">NVF</subfield><subfield code="d">OCLCO</subfield><subfield code="d">OCLCF</subfield><subfield code="d">OCL</subfield></datafield><datafield ind1=" " ind2=" " tag="042"><subfield code="a">pcc</subfield></datafield><datafield ind1=" " ind2=" " tag="043"><subfield code="a">n-us-il</subfield></datafield><datafield ind1="0" ind2="0" tag="245"><subfield code="a">Carroll County mirror-Democrat.</subfield></datafield><datafield ind1="1" ind2=" " tag="246"><subfield code="i">Published as:</subfield><subfield code="a">Mirror-Democrat</subfield><subfield code="f">Dec. 4, 1975-Dec. 31, 1980</subfield></datafield><datafield ind1="3" ind2=" " tag="246"><subfield code="a">Carroll County mirror Democrat</subfield></datafield><datafield ind1="3" ind2=" " tag="246"><subfield code="a">Mirror Democrat</subfield></datafield><datafield ind1=" " ind2=" " tag="260"><subfield code="a">Mount Carroll, Ill. :</subfield><subfield code="b">[s.n.],</subfield><subfield code="c">1933-1987.</subfield></datafield><datafield ind1=" " ind2=" " tag="300"><subfield code="a">v.</subfield></datafield><datafield ind1=" " ind2=" " tag="310"><subfield code="a">Weekly,</subfield><subfield code="b">Nov. 25, 1937-1987</subfield></datafield><datafield ind1=" " ind2=" " tag="321"><subfield code="a">Semiweekly,</subfield><subfield code="b">&lt;July 1, 1930&gt;-Nov. 28, 1933</subfield></datafield><datafield ind1=" " ind2=" " tag="321"><subfield code="a">Weekly,</subfield><subfield code="b">Dec. 7, 1933-May 28, 1936</subfield></datafield><datafield ind1=" " ind2=" " tag="321"><subfield code="a">Semiweekly,</subfield><subfield code="b">June 2, 1936-Nov. 18, 1937</subfield></datafield><datafield ind1="0" ind2=" " tag="362"><subfield code="a">Vol. 15, no. 1 (Dec. 7, 1933) -v. 69, no. 33 (Aug. 19, 1987).</subfield></datafield><datafield ind1=" " ind2=" " tag="500"><subfield code="a">"Carroll County" appears above masthead ornament, June 19, 1936-Nov. 27, 1975 and Jan. 7, 1981-Feb. 18, 1987.</subfield></datafield><datafield ind1=" " ind2=" " tag="580"><subfield code="a">Daily eds.: The Daily Mount Carroll mirror-Democrat, &lt;&gt;-1930, and: Daily mirror-Democrat, 1930-1933.</subfield></datafield><datafield ind1=" " ind2="0" tag="651"><subfield code="a">Carroll County (Ill.)</subfield><subfield code="v">Newspapers.</subfield></datafield><datafield ind1=" " ind2="7" tag="651"><subfield code="a">Illinois</subfield><subfield code="z">Carroll County.</subfield><subfield code="2">fast</subfield><subfield code="0">(OCoLC)fst01209215</subfield></datafield><datafield ind1=" " ind2="7" tag="655"><subfield code="a">Newspapers.</subfield><subfield code="2">fast</subfield><subfield code="0">(OCoLC)fst01423814</subfield></datafield><datafield ind1=" " ind2=" " tag="752"><subfield code="a">United States</subfield><subfield code="b">Illinois</subfield><subfield code="c">Carroll</subfield><subfield code="d">Mount Carroll.</subfield></datafield><datafield ind1="1" ind2=" " tag="775"><subfield code="t">Daily Mount Carroll mirror-Democrat</subfield><subfield code="w">(DLC)sn 93055898</subfield><subfield code="w">(OCoLC)28153259</subfield></datafield><datafield ind1="1" ind2=" " tag="775"><subfield code="t">Daily mirror-Democrat</subfield><subfield code="w">(DLC)sn 93055899</subfield><subfield code="w">(OCoLC)28153306</subfield></datafield><datafield ind1="0" ind2="0" tag="785"><subfield code="t">Mount Carroll mirror-Democrat</subfield><subfield code="w">(DLC)sn 93055901</subfield><subfield code="w">(OCoLC)28153486</subfield></datafield><datafield ind1="1" ind2=" " tag="029"><subfield code="a">AU@</subfield><subfield code="b">000025849629</subfield></datafield></record>